@article{cunha2004blood,
  title={The blood--retinal barriers system. Basic concepts and clinical evaluation},
  author={Cunha-Vaz, Jos\'e G},
  journal={Experimental eye research},
  volume={78},
  number={3},
  pages={715--721},
  year={2004},
  publisher={Elsevier}
}

@article{patton2006retinal,
  title={Retinal image analysis: concepts, applications and potential},
  author={Patton, Niall and Aslam, Tariq M and MacGillivray, Thomas and Deary, Ian J and Dhillon, Baljean and Eikelboom, Robert H and Yogesan, Kanagasingam and Constable, Ian J},
  journal={Progress in retinal and eye research},
  volume={25},
  number={1},
  pages={99--127},
  year={2006},
  publisher={Elsevier}
}

@article{li2004automated,
  title={Automated feature extraction in color retinal images by a model based approach},
  author={Li, Huiqi and Chutatape, Opas},
  journal={Biomedical Engineering, IEEE Transactions on},
  volume={51},
  number={2},
  pages={246--254},
  year={2004},
  publisher={IEEE}
}

@article{kanagasingam2014progress,
  title={Progress on retinal image analysis for age related macular degeneration},
  author={Kanagasingam, Yogesan and Bhuiyan, Alauddin and Abramoff, Michael D and Smith, R Theodore and Goldschmidt, Leonard and Wong, Tien Y},
  journal={Progress in retinal and eye research},
  volume={38},
  pages={20--42},
  year={2014},
  publisher={Elsevier}
}

@article{coto2003metodos,
  title={M{\'e}todos de segmentaci{\'o}n de im{\'a}genes m{\'e}dicas},
  author={Coto, Ernesto},
  journal={Universidad Central de Venezuela: Lecturas en Ciencias de la Computaci{\'o}n},
  volume={1},
  pages={9--15},
  year={2003}
}

@article{staal2004ridge,
  title={Ridge-based vessel segmentation in color images of the retina},
  author={Staal, Joes and Abr{\`a}moff, Michael D and Niemeijer, Meindert and Viergever, Max A and Van Ginneken, Bram},
  journal={Medical Imaging, IEEE Transactions on},
  volume={23},
  number={4},
  pages={501--509},
  year={2004},
  publisher={IEEE}
}

@article{fraz2012blood,
  title={Blood vessel segmentation methodologies in retinal images--a survey},
  author={Fraz, Muhammad Moazam and Remagnino, Paolo and Hoppe, Andreas and Uyyanonvara, Bunyarit and Rudnicka, Alicja R and Owen, Christopher G and Barman, Sarah A},
  journal={Computer methods and programs in biomedicine},
  volume={108},
  number={1},
  pages={407--433},
  year={2012},
  publisher={Elsevier}
}

@article{akita1982computer,
  title={A computer method of understanding ocular fundus images},
  author={Akita, Koichiro and Kuga, Hideki},
  journal={Pattern recognition},
  volume={15},
  number={6},
  pages={431--443},
  year={1982},
  publisher={Elsevier}
}

@article{hoover2000locating,
  title={Locating blood vessels in retinal images by piecewise threshold probing of a matched filter response},
  author={Hoover, Adam and Kouznetsova, Valentina and Goldbaum, Michael},
  journal={Medical Imaging, IEEE Transactions on},
  volume={19},
  number={3},
  pages={203--210},
  year={2000},
  publisher={IEEE}
}

@article{perona1990scale,
  title={Scale-space and edge detection using anisotropic diffusion},
  author={Perona, Pietro and Malik, Jitendra},
  journal={Pattern Analysis and Machine Intelligence, IEEE Transactions on},
  volume={12},
  number={7},
  pages={629--639},
  year={1990},
  publisher={IEEE}
}

@article{budai2011public,
  title={A public database for the evaluation of fundus image segmentation algorithms},
  author={Budai, Attila and Odstrcilik, Jan and Kolar, Radim and Hornegger, Joachim and Jan, Jiri and Kubena, Tomas and Michelson, Georg},
  journal={Investigative Ophthalmology \& Visual Science},
  volume={52},
  number={14},
  pages={1345--1345},
  year={2011},
  publisher={The Association for Research in Vision and Ophthalmology}
}

@article{walter2002contribution,
  title={A contribution of image processing to the diagnosis of diabetic retinopathy-detection of exudates in color fundus images of the human retina},
  author={Walter, Thomas and Klein, Jean-Claude and Massin, Pascale and Erginay, Ali},
  journal={Medical Imaging, IEEE Transactions on},
  volume={21},
  number={10},
  pages={1236--1243},
  year={2002},
  publisher={IEEE}
}

@article{spencer1996image,
  title={An image-processing strategy for the segmentation and quantification of microaneurysms in fluorescein angiograms of the ocular fundus},
  author={Spencer, Timothy and Olson, John A and McHardy, Kenneth C and Sharp, Peter F and Forrester, John V},
  journal={Computers and biomedical research},
  volume={29},
  number={4},
  pages={284--302},
  year={1996},
  publisher={Elsevier}
}

@article{frame1998comparison,
  title={A comparison of computer based classification methods applied to the detection of microaneurysms in ophthalmic fluorescein angiograms},
  author={Frame, Allan J and Undrill, Peter E and Cree, Michael J and Olson, John A and McHardy, Kenneth C and Sharp, Peter F and Forrester, John V},
  journal={Computers in biology and medicine},
  volume={28},
  number={3},
  pages={225--238},
  year={1998},
  publisher={Elsevier}
}

@article{niemeijer2007automated,
  title={Automated detection and differentiation of drusen, exudates, and cotton-wool spots in digital color fundus photographs for diabetic retinopathy diagnosis},
  author={Niemeijer, Meindert and van Ginneken, Bram and Russell, Stephen R and Suttorp-Schulten, Maria SA and Abramoff, Michael D},
  journal={Investigative ophthalmology \& visual science},
  volume={48},
  number={5},
  pages={2260--2267},
  year={2007},
  publisher={The Association for Research in Vision and Ophthalmology}
}

@article{rapantzikos2003detection,
  title={Detection and segmentation of drusen deposits on human retina: Potential in the diagnosis of age-related macular degeneration},
  author={Rapantzikos, Konstantinos and Zervakis, M and Balas, K},
  journal={Medical image analysis},
  volume={7},
  number={1},
  pages={95--108},
  year={2003},
  publisher={Elsevier}
}

@article{agurto2011automatic,
  title={Automatic detection of diabetic retinopathy and age-related macular degeneration in digital fundus images},
  author={Agurto, Carla and Barriga, E Simon and Murray, Victor and Nemeth, Sheila and Crammer, Robert and Bauman, Wendall and Zamora, Gilberto and Pattichis, Marios S and Soliz, Peter},
  journal={Investigative ophthalmology \& visual science},
  volume={52},
  number={8},
  pages={5862--5871},
  year={2011},
  publisher={The Association for Research in Vision and Ophthalmology}
}

@article{kose2010statistical,
  title={A statistical segmentation method for measuring age-related macular degeneration in retinal fundus images},
  author={K{\"o}se, Cemal and {\c{S}}evik, U{\u{g}}ur and Gen{\c{c}}alio{\u{g}}lu, Okyay and {\.I}kiba{\c{s}}, Cevat and Kay{\i}k{\i}{\c{c}}{\i}o{\u{g}}lu, Temel},
  journal={Journal of medical systems},
  volume={34},
  number={1},
  pages={1--13},
  year={2010},
  publisher={Springer}
}

@article{kose2008automatic,
  title={Automatic segmentation of age-related macular degeneration in retinal fundus images},
  author={K{\"o}se, Cemal and {\c{S}}evik, U{\u{g}}ur and Gen{\c{c}}alio{\u{g}}lu, Okyay},
  journal={Computers in Biology and Medicine},
  volume={38},
  number={5},
  pages={611--619},
  year={2008},
  publisher={Elsevier}
}

@inproceedings{yin2012automated,
  title={Automated segmentation of optic disc and optic cup in fundus images for glaucoma diagnosis},
  author={Yin, Fengshou and Liu, Jiang and Wong, Damon Wing Kee and Tan, Ngan Meng and Cheung, Carol and Baskaran, Mani and Aung, Tin and Wong, Tien Yin},
  booktitle={Computer-based medical systems (CBMS), 2012 25th international symposium on},
  pages={1--6},
  year={2012},
  organization={IEEE}
}

@article{mookiah2012data,
  title={Data mining technique for automated diagnosis of glaucoma using higher order spectra and wavelet energy features},
  author={Mookiah, Muthu Rama Krishnan and Acharya, U Rajendra and Lim, Choo Min and Petznick, Andrea and Suri, Jasjit S},
  journal={Knowledge-Based Systems},
  volume={33},
  pages={73--82},
  year={2012},
  publisher={Elsevier}
}

@article{bock2010glaucoma,
  title={Glaucoma risk index: automated glaucoma detection from color fundus images},
  author={Bock, R{\"u}diger and Meier, J{\"o}rg and Ny{\'u}l, L{\'a}szl{\'o} G and Hornegger, Joachim and Michelson, Georg},
  journal={Medical image analysis},
  volume={14},
  number={3},
  pages={471--481},
  year={2010},
  publisher={Elsevier}
}

@incollection{xu2011sliding,
  title={Sliding window and regression based cup detection in digital fundus images for glaucoma diagnosis},
  author={Xu, Yanwu and Xu, Dong and Lin, Stephen and Liu, Jiang and Cheng, Jun and Cheung, Carol Y and Aung, Tin and Wong, Tien Yin},
  booktitle={Medical Image Computing and Computer-Assisted Intervention--MICCAI 2011},
  pages={1--8},
  year={2011},
  publisher={Springer}
}